<record><leader>00000cas a22000007a 4500</leader><controlfield tag="001">14995144</controlfield><controlfield tag="008">861219u1916uuuutxudr ne      0    0eng d</controlfield><datafield ind1=" " ind2=" " tag="010"><subfield code="a">sn 86090546 </subfield></datafield><datafield ind1=" " ind2=" " tag="040"><subfield code="a">PPM</subfield><subfield code="b">eng</subfield><subfield code="c">PPM</subfield><subfield code="d">OCLCQ</subfield></datafield><datafield ind1=" " ind2=" " tag="042"><subfield code="a">msc</subfield></datafield><datafield ind1="0" ind2=" " tag="130"><subfield code="a">Sherman courier (Sherman, Tex. : 1916)</subfield></datafield><datafield ind1="1" ind2="0" tag="245"><subfield code="a">Sherman courier.</subfield></datafield><datafield ind1="3" ind2="0" tag="246"><subfield code="a">Good home Sunday courier</subfield></datafield><datafield ind1=" " ind2=" " tag="260"><subfield code="a">Sherman, Tex. :</subfield><subfield code="b">Texas Immigration Co.</subfield></datafield><datafield ind1=" " ind2=" " tag="300"><subfield code="a">v. :</subfield><subfield code="b">ill. ;</subfield><subfield code="c">56 cm.</subfield></datafield><datafield ind1=" " ind2=" " tag="310"><subfield code="a">Daily</subfield></datafield><datafield ind1="0" ind2=" " tag="362"><subfield code="a">Vol. 50, no. 184 (Oct. 31, 1916)-</subfield></datafield><datafield ind1=" " ind2=" " tag="500"><subfield code="a">Sunday edition called: Good home Sunday courier.</subfield></datafield><datafield ind1=" " ind2=" " tag="752"><subfield code="a">United States</subfield><subfield code="b">Texas</subfield><subfield code="c">Grayson</subfield><subfield code="d">Sherman.</subfield></datafield><datafield ind1="0" ind2=" " tag="775"><subfield code="t">Sherman courier</subfield><subfield code="w">(DLC)sn 84022099</subfield></datafield><datafield ind1="1" ind2=" " tag="029"><subfield code="a">AU@</subfield><subfield code="b">000025789107</subfield></datafield></record>